
@book{rezek_direito_2024,
	address = {São Paulo},
	edition = {19},
	title = {Direito internacional público},
	isbn = {978-85-536-2287-0},
	url = {https://integrada.minhabiblioteca.com.br/#/books/9788553622870/},
	language = {pt-BR},
	publisher = {SaraivaJur},
	author = {Rezek, Francisco},
	month = feb,
	year = {2024},
	keywords = {Direito, EDITORA SARAIVA, Saraiva, SARAIVAJUR},
}

@book{accioly_manual_2023,
	address = {São Paulo},
	edition = {26},
	title = {Manual de direito internacional público},
	isbn = {9786553625341},
	url = {https://integrada.minhabiblioteca.com.br/#/books/9786553624542/},
	language = {pt-BR},
	publisher = {SaraivaJur},
	author = {Accioly, Hildebrando and Silva, G. E. Do Nascimento E. and Casella, Paulo Borba},
	year = {2023},
	keywords = {Direito, CONSELHO DE SEGURANÇA, MINISTRO DAS RELAÇÕES EXTERIORES, ORGANIZAÇÕES INTERNACIONAIS},
}

@incollection{chimni_outline_2008,
	address = {Cambridge},
	title = {An outline of a marxist course on public international law},
	booktitle = {International law on the left: {Re}-examining {Marxist} legacies},
	publisher = {Cambridge University Press},
	author = {Chimni, B. S.},
	collaborator = {Marks, Susan},
	year = {2008},
	pages = {53--91},
}

@misc{brasil_decreto_2009,
	title = {Decreto nº 7.030/2009},
	url = {https://www.planalto.gov.br/ccivil_03/_ato2007-2010/2009/decreto/d7030.htm},
	abstract = {Promulga a Convenção de Viena sobre o Direito dos Tratados, concluída em 23 de maio de 1969, com reserva aos Artigos 25 e 66.},
	urldate = {2024-09-17},
	author = {Brasil, Presidência da República},
	month = dec,
	year = {2009},
	file = {Decreto nº 7030:C\:\\Users\\l085826\\Zotero\\storage\\A3GAYFDR\\d7030.html:text/html},
}

@misc{brasil_constituicao_1988,
	title = {Constituição da {República} {Federativa} do {Brasil}},
	url = {https://www.planalto.gov.br/ccivil_03/constituicao/constituicao.htm},
	urldate = {2024-09-18},
	author = {{Brasil}},
	month = oct,
	year = {1988},
	file = {Constituição:C\:\\Users\\l085826\\Zotero\\storage\\YEMDSLBI\\constituicao.html:text/html},
}

@book{grieco_introduction_2015,
	address = {New York, NY London},
	title = {Introduction to international relations: enduring questions and contemporary perspectives},
	isbn = {978-1-137-39880-2},
	shorttitle = {Introduction to international relations},
	abstract = {"Based on many years of teaching international relations courses and long-time collaboration between the authors, this major new text provides an authoritative introduction to international relations and to the long-standing questions that have engaged generations of IR scholars and students. Boxed features in each chapter help students navigate the 'levels of analysis', view the world from multiple perspectives, and 'make connections' between theory and practice, past and present, and aspirations and reality"--},
	language = {eng},
	publisher = {Palgrave},
	author = {Grieco, Joseph M. and Ikenberry, Gilford John and Mastanduno, Michael},
	year = {2015},
	annote = {Machine generated contents note:1. Understanding International Relations -- PART I: FOUNDATIONS OF INTERNATIONAL RELATIONS -- 2. The Emergence of a Global System of States, 1500-today -- 3. Theories of International Relations -- 4. The Analysis of Foreign Policy -- PART II: WAR AND PEACE: AN INTRODUCTION TO SECURITY STUDIES -- 5. War and Its Causes -- 6. Pathways to Interstate Peace -- 7. Weapons of Mass Destruction -- PART III: WEALTH AND POWER: AN INTRODUCTION TO INTERNATIONAL POLITICAL ECONOMY -- 8. International Politics and International Economics: Trade, Money, Multinationals, and Institutions -- 9. Power, Politics, and the World Economy -- 10. Dilemmas of Development -- PART IV: CONTEMPORARY CHALLENGES AND THE FUTURE OF INTERNATIONAL RELATIONS -- 11. Pirates, Warlords, and Terrorists: Challenges to the State -- 12. The Environment and International Relations -- 13. Facing the Future: Six Visions of an Emerging International Order},
	annote = {References Seiten 475 - 494},
}

@article{fukuyama_end_1989,
	title = {The {End} of {History}?},
	issn = {0884-9382},
	url = {https://www.jstor.org/stable/24027184},
	number = {16},
	urldate = {2025-02-18},
	journal = {The National Interest},
	author = {Fukuyama, Francis},
	year = {1989},
	note = {Publisher: Center for the National Interest},
	pages = {3--18},
}

@book{shaw_international_2021,
	edition = {9},
	title = {International {Law}},
	copyright = {https://www.cambridge.org/core/terms},
	isbn = {978-1-108-77480-2 978-1-108-47774-1 978-1-108-73305-2},
	url = {https://www.cambridge.org/core/product/identifier/9781108774802/type/book},
	abstract = {International Law is the definitive and authoritative text on the subject. It has long been established as a leading authority in the field, offering an unbeatable combination of clarity of expression and academic rigour, ensuring understanding and analysis in an engaging and authoritative style. Explaining the leading rules, practice and caselaw, this treatise retains and develops the detailed referencing which encourages and assists the reader in further study. This new edition has been fully updated to reflect recent developments. In particular, it has expanded the treatment of space law and of international economic law, and introduced new sections on cyber operations and cyber warfare, as well as reflecting the Covid-19 crisis. Both clarifying fundamental principles and facilitating additional research, International Law is invaluable for students and  for those occupied in private practice, governmental service and international organisations.},
	urldate = {2025-03-12},
	publisher = {Cambridge University Press},
	author = {Shaw, Malcolm N.},
	month = jul,
	year = {2021},
	doi = {10.1017/9781108774802},
}

@misc{brasil_decreto_1945,
	title = {Decreto nº 19.841/1945},
	url = {https://www.planalto.gov.br/ccivil_03/decreto/1930-1949/d19841.htm},
	abstract = {Promulga a Carta das Nações Unidas, da qual faz parte integrante o anexo Estatuto da Corte Internacional de Justiça, assinada em São Francisco, a 26 de junho de 1945, por ocasião da Conferência de Organização Internacional das Nações Unidas.},
	urldate = {2025-03-12},
	author = {Brasil, Presidência da República},
	month = oct,
	year = {1945},
	file = {D19841:C\:\\Users\\l085826\\Zotero\\storage\\3KHV6SBT\\d19841.html:text/html},
}
